@article{examplereference,
	author = "Some Author",
	title = "Some reference",
	year = "1984",
	month = "August",
	journal = "Some Journal",
	volume = "99",
	number = "99",
	pages = "900--901",
	note = "ISSN 0730-0301 (Some proceedings)",
}

@article{examplereference2,
	author = "Some Other Author",
	title = "Some other reference",
	year = "1984",
	month = "August",
	journal = "Some Journal",
	volume = "99",
	number = "99",
	pages = "900--901",
	note = "ISSN 0730-0301 (Some proceedings)",
}

